@online {onl1,
	author  = "Kirti Sharma",
    title   = "After Wearable, Smell Based IoT its Time for Eye-Tracking Internet of Things",
    year    = "2017",
    url     = "http://www.indianweb2.com/2017/01/04/wearable-smell-based-iot-time-eye-tracking-internet-thing"
}

@online {onl2,
	author  = "Pedro Zambarda",
    title   = "'Internet das Coisas': entenda o conceito e o que muda com a tecnologia",
    year    = "2014",
    url     = "http://www.techtudo.com.br/noticias/noticia/2014/08/internet-das-coisas-entenda-o-conceito-e-o-que-muda-com-tecnologia.html"
}

@online {onl3,
	author  = "Janina Bartje",
    title   = "The top 10 IoT application areas â€“ based on real IoT projects",
    year    = "2016",
    url     = "https://iot-analytics.com/top-10-iot-project-application-areas-q3-2016"
}

@online {onl4,
	author  = "Rafael Tonon",
    title   = "Cidades inteligentes",
    url     = "http://revistagalileu.globo.com/Revista/Common/0,,ERT338454-17773,00.html"
}

@online {onl5,
	author  = "Fernando Cesar",
    title   = "Smart Grid News",
    year    = "2010",
    url     = "http://smartgridnews.com.br/o-que-e-smart-grid"
}

@online {onl6,
	author  = "Tobii Group",
    title   = "This is Eye Tracking",
  	url     = "https://www.tobii.com/group/about/this-is-eye-tracking/"
}

@online {onl7,
	author  = "EYETRACKING Company",
    title   = "The applications of eye tracking",
  	url     = "http://www.eyetracking.com/About-Us/What-Is-Eye-Tracking"
}

@online {onl8,
	title  = "Checklist - When to Put the Brakes On Elderly Drivers",
    year   = "2009",
    url    = "http://www.aging-parents-and-elder-care.com/Pages/Checklists/Elderly_Drivers.html"
}

@online {onl9,
	author = "Tobii Group",
    title  = "Automotive",
    url    = "https://www.tobii.com/tech/products/automotive"
}

@online {onl10,
	author = "Kat MacCarrick",
    title  = "Tracking Eye Movement to Diagnose Parkinson's",
    year   = "2016",
    url    = "https://www.michaeljfox.org/foundation/news-detail.php?tracking-eye-movement-to-diagnose-parkinson"
}

@online {onl11,
	author = "Esther Landhuis",
    title  = "Eye Tracking Test Enter into the Running for an Alzheimer's Screen",
    year   = "2015",
    url    = "https://www.scientificamerican.com/article/eye-tracking-test-enters-into-the-running-for-an-alzheimer-s-screen"
}

@article {ar1,
	author  = "Kijong Kim and Rania Antonopoulos",
    title   = "Unpaid and Paid Care: The Effects of Child Care and Elder Care on the Standard of Living", 
    journal = "Levy Economics Institute of Bard College",
    year    = "2011"
}

@article {ar2,
	author  = "Marianna Obrist and Regina Bernhaupt and Elke Beck and Manfred Tscheligi",
    title   = "Focusing on Elderly: An iTV Usability Evaluation Study with Eye-Tracking",
    journal = "University of Salzburg",
    year    = "2007"
}